@misc{fsf,
  title		= "Free {S}oftware {F}oundation",
  howpublished	= "\url{http://fsf.org}",
  note		= "[Accessed 05-14-2012]"
}
@misc{rms:gplv3,
  title		= "Why {U}pgrade to {GPL} {V}ersion 3",
  author		= "Richard Stallman",
  year		= 2007,
  month		= "May",
  howpublished 	= "\url{http://gplv3.fsf.org/rms-why.html}",
  note		= "[Accessed 05-14-2012]"
}
@misc{k:gplv2,
  title		= "Dual-{L}icensing {L}inux {K}ernel with {GPL} {V}2 and {GPL} {V}3",
  year		= 2007,
  howpublished 	= "\url{https://lkml.org/lkml/2007/6/9/11}",
  note		= "Thread from the Linux kernel mailing list where main kernel developers discuss the non-adoption of GPLv3 with other contributors. 
		  [Accessed 05-14-2012]"
}
@misc{sos:js,
  title		= "{SOS} {J}ob{S}cheduler",
  howpublished 	= "\url{http://www.sos-berlin.com/scheduler}",
  note		= "[Accessed 05-16-2012]"
}
@misc{vin:gecs,
  title		= "{Vinzant Software - Global ECS}",
  howpublished 	= "\url{http://www.vinzantsoftware.com/global_ecs.php}",
  note		= "[Accessed 05-16-2012]"
}
@misc{wp:udev,
  title		= "{udev - Wikipedia}",
  howpublished 	= "\url{http://en.wikipedia.org/wiki/Udev}",
  note		= "[Accessed 05-16-2012]"
}
@misc{wp:cron,
  title		= "{cron - Wikipedia}",
  howpublished 	= "\url{http://en.wikipedia.org/wiki/Cron}",
  note		= "[Accessed 05-1-2012]"
}
@misc{wp:js,
  title		= "{Job scheduler - Wikipedia}",
  howpublished 	= "\url{http://en.wikipedia.org/wiki/Job_scheduler}",
  note		= "[Accessed 05-1-2012]"
}
@misc{wp:rws,
  title		= "{Redwood Software Products - Wikipedia}",
  howpublished 	= "\url{http://en.wikipedia.org/wiki/Redwood_Software#Products}",
  note		= "[Accessed 05-16-2012]"
}
@misc{wp:systemd,
  title		= "{systemd - Wikipedia}",
  howpublished 	= "\url{http://en.wikipedia.org/wiki/Systemd}",
  note		= "[Accessed 05-16-2012]"
}
@manual{man:syslog-ng,
  title		= "{The syslog-ng 3.0 Administrator Guide}",
  organization	= "{BalaBit IT Security Ltd}",
  edition	= "twelfth",
  month 		= "July",
  year		= 2005,
  note		= "\url{http://www.balabit.com/dl/guides/syslog-ng-v3.0-guide-admin-en.pdf} [Accessed 05-18-2012]"
}
@manual{man:syslog,
  title		= "{syslog(3) - Linux man page}",
  note		= "\url{http://linux.die.net/man/3/syslog} [Accessed 05-18-2012]"
}
@misc{graphviz,
  title		= "{G}raphviz - {G}raph {V}isualization {S}oftware",
  howpublished	= "\url{http://www.graphviz.org/}",
  note		= "[Accessed 05-17-2012]"
}
@misc{graphviz:dot,
  title		= "{The Dot Language}",
  author		= "Graphviz Project",
  howpublished	= "\url{http://www.graphviz.org/doc/info/lang.html}",
  note		= "[Accessed 05-17-2012]"
}
@misc{gigi:plugins,
  title		= "{B}uilding {Y}our {O}wn {P}lugin {F}ramework",
  author		= "Gigi Sayfan",
  year		= 2007,
  month		= "November",
  howpublished 	= "\url{http://www.drdobbs.com/cpp/204202899}",
  note		= "[Accessed 05-10-2012]"
}
@misc{og:pwdh,
  title		= "{\textless pwd.h\textgreater~- The Open Group Base Specifications Issue 6}",
  author		= "{The IEEE and The Open Group}",
  year		= 2004,
  howpublished	= "\url{http://pubs.opengroup.org/onlinepubs/000095399/basedefs/pwd.h.html}",
  note		= "[Accessed 05-11-2012]"
}
@misc{pcm:wire,
  title		= "{PC Magazine Encyclopedia - Wire protocol definition}",
  author		= "{PC Magazine}",
  howpublished	= "\url{http://www.pcmag.com/encyclopedia_term/0%2C2542%2Ct%3Dwire+protocol&i%3D54750%2C00.asp}",
  note		= "[Accessed 05-11-2012]"
}
@misc{gnu:lang,
  title		= "{GNU Coding Standards - Source Language}",
  author		= "{GNU Project}",
  howpublished 	= "\url{http://www.gnu.org/prep/standards/standards.html#Source-Language}",
  note		= "[Accessed 05-11-2012]"
}
@misc{github:reactor,
  title		= "{reactor - GitHub source code repository}",
  author		= "Álvaro Villalba Navarro",
  howpublished	= "\url{https://github.com/alvarovn/reactor}",
  note		= "[Accessed 06-06-2012]"
}
@book{book:linuxapi,
  author    	= "Michael Kerrisk",
  title     	= "{The Linux Programming Interface: A Linux and UNIX System Programming Handbook}",
  publisher 	= "No Starch Press",
  number		= "978-1-59327-220-3",
  edition  	= "1st",
  year      	= "2010",
  month    	= "October"
}
@misc{gnu:glibc,
  title		= "{GLIBC, the GNU C Library}",
  author		= "GNU Project",
  howpublished	= "\url{http://www.gnu.org/software/libc/}",
  note		= "[Accessed 06-06-2012]"
}
@misc{gnu:cext,
  title		= "{C Extensions - Using the GNU Compiler Collection (GCC)}",
  author		= "GNU Project",
  howpublished	= "\url{http://gcc.gnu.org/onlinedocs/gcc/C-Extensions.html}",
  note		= "[Accessed 06-06-2012]"
}
@misc{gnu:gcc,
  title		= "{GCC, the GNU Compiler Collection}",
  author		= "GNU Project",
  howpublished 	= "\url{http://gcc.gnu.org}",
  note		= "[Accessed 06-06-2012]"
}
@misc{gnu:autoconf,
  title		= "Autoconf",
  author		= "GNU Project",
  howpublished	= "\url{http://www.gnu.org/software/autoconf/}",
  note		= "[Accessed 06-07-2012]"
}
@misc{gnu:automake,
  title		= "Automake",
  author		= "GNU Project",
  howpublished	= "\url{http://www.gnu.org/software/automake/}",
  note		= "[Accessed 06-07-2012]"
}
@misc{gnu:libtool,
  title		= "Libtool",
  author		= "GNU Project",
  howpublished	= "\url{http://www.gnu.org/software/libtool/}",
  note		= "[Accessed 06-07-2012]"
}
@misc{git,
  title		= "Git",
  howpublished	= "\url{http://git-scm.com/}",
  note		= "[Accessed 06-07-2012]"
}
@misc{kdevelop,
  title		= "{KDevelop}",
  howpublished	= "\url{http://kdevelop.org/}",
  note		= "[Accessed 06-07-2012]"
}
@misc{valgrind,
  title		= "Valgrind",
  howpublished	= "\url{http://valgrind.org/}",
  note		= "[Accessed 06-07-2012]"
}
@misc{glib,
  title		= "{GLib}",
  author		= "GNOME",
  howpublished	= "\url{http://developer.gnome.org/glib/}",
  note		= "[Accessed 06-07-2012]"
}
@misc{libevent,
  title		= "libevent",
  howpublished	= "\url{http://libevent.org/}",
  note		= "[Accessed 06-07-2012]"
}
@misc{check,
  title		= "Check",
  howpublished	= "\url{http://check.sourceforge.net/}",
  note		= "[Accessed 06-07-2012]"
}
@misc{readme,
  title		= "{README}",
  author		= "Álvaro Villalba Navarro",
  howpublished	= "\url{https://raw.github.com/alvarovn/reactor/master/README}",
  note		= "README file of the \emph{reactor} project. Contains an user manual and a plugin developer manual. [Accessed 06-07-2012]"
}